
@online{Github,
	author = {Piotr Maciag},
	title = {Github repository with the code for the assignment},
	date = {},
	year = {2019},
	OPTsubtitle = {subtitle},
	OPTtitleaddon = {titleaddon},
	OPTlanguage = {language},
	OPThowpublished = {howpublished},
	OPTtype = {type},
	version = {},
	OPTnote = {note},
	OPTorganization = {organization},
	OPTlocation = {location},
	OPTdate = {date},
	OPTmonth = {month},
	OPTyear = {year},
	OPTaddendum = {addendum},
	OPTpubstate = {pubstate},
	OPTdoi = {doi},
	OPTeprint = {eprint},
	OPTeprintclass = {eprintclass},
	OPTeprinttype = {eprinttype},
	url = {https://github.com/piotrMaciag32/Tooploox---task-2},
	OPTurldate = {urldate},
}

@online{TensorFlow,
	author = {Google Inc.},
	title = {R Interface to TensorFlow},
	date = {},
	year = {2019},
	OPTsubtitle = {subtitle},
	OPTtitleaddon = {titleaddon},
	OPTlanguage = {language},
	OPThowpublished = {howpublished},
	OPTtype = {type},
	version = {1.11},
	OPTnote = {note},
	OPTorganization = {organization},
	OPTlocation = {location},
	OPTdate = {date},
	OPTmonth = {month},
	OPTyear = {year},
	OPTaddendum = {addendum},
	OPTpubstate = {pubstate},
	OPTdoi = {doi},
	OPTeprint = {eprint},
	OPTeprintclass = {eprintclass},
	OPTeprinttype = {eprinttype},
	url = {https://tensorflow.rstudio.com/},
	OPTurldate = {urldate},
}

@online{Keras,
	author = {JJ Allaire  and Fran√ßois Chollet},
	title = {Keras library for the R language},
	date = {},
	year = {2019},
	OPTsubtitle = {subtitle},
	OPTtitleaddon = {titleaddon},
	OPTlanguage = {language},
	OPThowpublished = {howpublished},
	OPTtype = {type},
	version = {2.2.4},
	OPTnote = {note},
	OPTorganization = {organization},
	OPTlocation = {location},
	OPTdate = {date},
	OPTmonth = {month},
	OPTyear = {year},
	OPTaddendum = {addendum},
	OPTpubstate = {pubstate},
	OPTdoi = {doi},
	OPTeprint = {eprint},
	OPTeprintclass = {eprintclass},
	OPTeprinttype = {eprinttype},
	url = {https://keras.rstudio.com/},
	OPTurldate = {urldate},
}


@online{ImageNet,
	author = {Li Fei-Fei and Kai Li and Olga Russakovsky and Jonathan Krause and Jia Deng and Alex Berg},
	title = {Tiny Imagenet},
	date = {},
	year = {2019},
	OPTsubtitle = {subtitle},
	OPTtitleaddon = {titleaddon},
	OPTlanguage = {language},
	OPThowpublished = {howpublished},
	OPTtype = {type},
	version = {3.1.0},
	OPTnote = {note},
	OPTorganization = {organization},
	OPTlocation = {location},
	OPTdate = {date},
	OPTmonth = {month},
	OPTyear = {year},
	OPTaddendum = {addendum},
	OPTpubstate = {pubstate},
	OPTdoi = {doi},
	OPTeprint = {eprint},
	OPTeprintclass = {eprintclass},
	OPTeprinttype = {eprinttype},
	url = {https://tiny-imagenet.herokuapp.com/},
	OPTurldate = {urldate},
}


@online{RPackage:GGPLOT2,
	author = {Hadley Wickham and Winston Chang and Lionel Henry and Thomas Lin Pedersen and Kohske Takahashi and Claus Wilke and Kara Woo},
	title = {ggplot2 R package: Create Elegant Data Visualisations Using the Grammar of Graphics},
	date = {2018-25-10},
	year = {2018},
	OPTsubtitle = {subtitle},
	OPTtitleaddon = {titleaddon},
	OPTlanguage = {language},
	OPThowpublished = {howpublished},
	OPTtype = {type},
	version = {3.1.0},
	OPTnote = {note},
	OPTorganization = {organization},
	OPTlocation = {location},
	OPTdate = {date},
	OPTmonth = {month},
	OPTyear = {year},
	OPTaddendum = {addendum},
	OPTpubstate = {pubstate},
	OPTdoi = {doi},
	OPTeprint = {eprint},
	OPTeprintclass = {eprintclass},
	OPTeprinttype = {eprinttype},
	url = {https://cran.r-project.org/web/packages/ggplot2/ggplot2.pdf},
	OPTurldate = {urldate},
}

@article{du2018adapting,
  title={Adapting auxiliary losses using gradient similarity},
  author={Du, Yunshu and Czarnecki, Wojciech M and Jayakumar, Siddhant M and Pascanu, Razvan and Lakshminarayanan, Balaji},
  journal={arXiv preprint arXiv:1812.02224},
  year={2018}
}